<?xml version="1.0" encoding="UTF-8"?><collection xmlns="http://www.loc.gov/MARC21/slim"><record><leader>00513nam--2200181-i-4500</leader><controlfield tag="001">000036729</controlfield><controlfield tag="002">20161230</controlfield><controlfield tag="005">20161230201041</controlfield><controlfield tag="008">060222s1000------------r-----000-0-ger-d</controlfield><datafield ind1=" " ind2=" " tag="040"><subfield code="a">IFIN-HH</subfield></datafield><datafield ind1=" " ind2=" " tag="041"><subfield code="a">ger</subfield></datafield><datafield ind1=" " ind2=" " tag="080"><subfield code="a">543.42</subfield></datafield><datafield ind1="1" ind2=" " tag="100"><subfield code="a">Plotnikow, Johannes</subfield></datafield><datafield ind1="1" ind2="0" tag="245"><subfield code="a">Photochemische versuchstechnik. mit 189 fig., 50 tabellen und 3 tafeln</subfield><subfield code="c">Johannes plotnikow</subfield></datafield><datafield ind1=" " ind2=" " tag="260"><subfield code="a">Leipzig</subfield><subfield code="b">Akademische Verlagsgesellschaft</subfield><subfield code="c">1912</subfield></datafield><datafield ind1=" " ind2=" " tag="300"><subfield code="a">XV + 371P</subfield></datafield><datafield ind1=" " ind2=" " tag="852"><subfield code="a">72065</subfield><subfield code="c">H.H</subfield></datafield><datafield ind1=" " ind2=" " tag="CAT"><subfield code="a">Sys</subfield><subfield code="c">20130418</subfield><subfield code="h">100928</subfield></datafield></record></collection>